<?xml version="1.0" encoding="UTF-8"?><collection xmlns="http://www.loc.gov/MARC21/slim"><record><leader>00633nam--2200193-i-4500</leader><controlfield tag="001">000010612</controlfield><controlfield tag="002">20161230</controlfield><controlfield tag="005">20161230201028</controlfield><controlfield tag="008">060222s1000------------r-----000-0-eng-d</controlfield><datafield ind1=" " ind2=" " tag="020"><subfield code="a">0121610500</subfield></datafield><datafield ind1=" " ind2=" " tag="040"><subfield code="a">IFIN-HH</subfield></datafield><datafield ind1=" " ind2=" " tag="080"><subfield code="a">535.338.4:523:061.3:539.184.5:539.19</subfield></datafield><datafield ind1="1" ind2=" " tag="100"><subfield code="a">Carson, T.A</subfield></datafield><datafield ind1="1" ind2="0" tag="245"><subfield code="a">Atoms and molecules in astrophysics</subfield><subfield code="b">Proceedings of the twelth session of the scottish universities summer school in physics, 1971</subfield><subfield code="c">T.a. carson, m.j. roberts (eds.)</subfield></datafield><datafield ind1=" " ind2=" " tag="260"><subfield code="a">London</subfield><subfield code="b">Academic Press</subfield><subfield code="c">1972</subfield></datafield><datafield ind1=" " ind2=" " tag="300"><subfield code="a">XIV + 367 P</subfield></datafield><datafield ind1="1" ind2=" " tag="700"><subfield code="a">Roberts, M.J</subfield><subfield code="e">Ed</subfield></datafield><datafield ind1=" " ind2=" " tag="852"><subfield code="a">38337</subfield><subfield code="c">523</subfield></datafield><datafield ind1=" " ind2=" " tag="CAT"><subfield code="a">Sys</subfield><subfield code="c">20130829</subfield><subfield code="h">140406</subfield></datafield></record></collection>